<?xml version="1.0" encoding="utf-8"?>
<record xmlns="http://www.loc.gov/MARC21/slim" xmlns:xsi="http://www.w3.org/2001/XMLSchema-instance" xsi:schemaLocation="http://www.loc.gov/MARC21/slim http://www.loc.gov/standards/marcxml/schema/MARC21slim.xsd">
	<leader>
		02064nam a2200373   4500
	</leader>
	<controlfield tag="001">
		001678168
	</controlfield>
	<controlfield tag="003">
		NNU
	</controlfield>
	<controlfield tag="006">
		m        d        
	</controlfield>
	<controlfield tag="007">
		cr cn |||m|||a
	</controlfield>
	<controlfield tag="008">
		150923m19339999sy ac   o     000 0 araod
	</controlfield>
	<datafield ind1=" " ind2=" " tag="040">
		<subfield code="a">
			NNU
		</subfield>
		<subfield code="b">
			eng
		</subfield>
		<subfield code="e">
			rda
		</subfield>
		<subfield code="c">
			NNU
		</subfield>
	</datafield>
	<datafield ind1=" " ind2="4" tag="050">
		<subfield code="a">
			DS79.5
		</subfield>
		<subfield code="b">
			.H36 1933
		</subfield>
	</datafield>
	<datafield ind1="1" ind2=" " tag="100">
		<subfield code="6">
			880-01
		</subfield>
		<subfield code="a">
			Ḥamādah, Muḥammad ʻĀbidīn.
		</subfield>
	</datafield>
	<datafield ind1="1" ind2="0" tag="245">
		<subfield code="6">
			880-02
		</subfield>
		<subfield code="a">
			Fayṣal ibn al-Ḥusayn min al-mahd ilá al-laḥd :
		</subfield>
		<subfield code="b">
			sijil ʻāmm li-tārīkh al-Qaḍīyah al-ʻArabīyah wa-taṭawwurātihā /
		</subfield>
		<subfield code="c">
			waḍʻ wa-taʼlīf Muḥammad ʻĀbidīn Ḥamādah [wa] Muḥammad Taysīr Ẓabyān.
		</subfield>
	</datafield>
	<datafield ind1=" " ind2=" " tag="260">
		<subfield code="6">
			880-03
		</subfield>
		<subfield code="a">
			Dimashq :
		</subfield>
		<subfield code="b">
			al-Maṭbaʻah al-ʻAṣrīyah,
		</subfield>
		<subfield code="c">
			1933-
		</subfield>
	</datafield>
	<datafield ind1=" " ind2=" " tag="300">
		<subfield code="a">
			online resource (volumes) :
		</subfield>
		<subfield code="b">
			illustrations, portraits
		</subfield>
	</datafield>
	<datafield ind1=" " ind2=" " tag="336">
		<subfield code="a">
			text
		</subfield>
		<subfield code="2">
			rdacontent
		</subfield>
	</datafield>
	<datafield ind1=" " ind2=" " tag="337">
		<subfield code="a">
			computer
		</subfield>
		<subfield code="2">
			rdamedia
		</subfield>
	</datafield>
	<datafield ind1=" " ind2=" " tag="338">
		<subfield code="a">
			online resource
		</subfield>
		<subfield code="2">
			rdacarrier
		</subfield>
	</datafield>
	<datafield ind1=" " ind2=" " tag="500">
		<subfield code="a">
			Part of the Arabic Collections Online (ACO) project, contributed by New York Univeristy Libraries.
		</subfield>
	</datafield>
	<datafield ind1=" " ind2=" " tag="533">
		<subfield code="a">
			Electronic reproduction.
		</subfield>
		<subfield code="b">
			New York, N.Y. :
		</subfield>
		<subfield code="c">
			New York University,
		</subfield>
		<subfield code="d">
			2015.
		</subfield>
		<subfield code="5">
			NNU
		</subfield>
	</datafield>
	<datafield ind1="0" ind2="0" tag="600">
		<subfield code="a">
			Faysal
		</subfield>
		<subfield code="b">
			I,
		</subfield>
		<subfield code="c">
			King of Iraq,
		</subfield>
		<subfield code="d">
			1885-1933.
		</subfield>
	</datafield>
	<datafield ind1="0" ind2="7" tag="600">
		<subfield code="a">
			Faysal
		</subfield>
		<subfield code="b">
			I,
		</subfield>
		<subfield code="c">
			King of Iraq,
		</subfield>
		<subfield code="d">
			1885-1933
		</subfield>
		<subfield code="2">
			fast
		</subfield>
		<subfield code="0">
			(OCoLC)fst00270349
		</subfield>
	</datafield>
	<datafield ind1="1" ind2=" " tag="700">
		<subfield code="6">
			880-04
		</subfield>
		<subfield code="a">
			Ẓabyān, Muḥammad Taysīr.
		</subfield>
	</datafield>
	<datafield ind1="2" ind2=" " tag="710">
		<subfield code="a">
			New York University.
		</subfield>
		<subfield code="b">
			Libraries.
		</subfield>
	</datafield>
	<datafield ind1="0" ind2=" " tag="730">
		<subfield code="a">
			Arabic Collections Online.
		</subfield>
	</datafield>
	<datafield ind1="0" ind2="8" tag="776">
		<subfield code="i">
			Print version:
		</subfield>
		<subfield code="a">
			Ḥamādah, Muḥammad ʻĀbidīn.
		</subfield>
		<subfield code="t">
			Fayṣal ibn al-Ḥusayn min al-mahd ilá al-laḥd
		</subfield>
		<subfield code="w">
			(NNU)001678168
		</subfield>
	</datafield>
	<datafield ind1="4" ind2="0" tag="856">
		<subfield code="u">
			http://hdl.handle.net/2333.1/n2z34x6t
		</subfield>
	</datafield>
	<datafield ind1="1" ind2=" " tag="880">
		<subfield code="6">
			100-01/
		</subfield>
		<subfield code="a">
			حمادة، محمد عابدين.
		</subfield>
	</datafield>
	<datafield ind1="1" ind2="0" tag="880">
		<subfield code="6">
			245-02/
		</subfield>
		<subfield code="a">
			فيصل بن الحسين من المهد الى اللحد :
		</subfield>
		<subfield code="b">
			سجل عام لتاريخ القضية العربية وتطوراتها /
		</subfield>
		<subfield code="c">
			وضع وتأليف محمد عابدين حمادة [و] محمد تيسير ظبيان.
		</subfield>
	</datafield>
	<datafield ind1=" " ind2=" " tag="880">
		<subfield code="6">
			260-03/
		</subfield>
		<subfield code="a">
			دمشق :
		</subfield>
		<subfield code="b">
			المطبعة العصرية،
		</subfield>
		<subfield code="c">
			1933
		</subfield>
	</datafield>
	<datafield ind1="1" ind2=" " tag="880">
		<subfield code="6">
			700-04/
		</subfield>
		<subfield code="a">
			ظبيان، محمد تيسير.
		</subfield>
	</datafield>
	<datafield ind1=" " ind2=" " tag="959">
		<subfield code="a">
			NNU
		</subfield>
		<subfield code="b">
			WEB
		</subfield>
		<subfield code="c">
			GENI
		</subfield>
		<subfield code="t">
			0
		</subfield>
		<subfield code="m">
			Electronic access
		</subfield>
		<subfield code="s">
			01
		</subfield>
	</datafield>
	<datafield ind1=" " ind2=" " tag="999">
		<subfield code="i">
			NNU_001678168
		</subfield>
		<subfield code="s">
			nyu_aco001065:v.1
		</subfield>
	</datafield>
</record>
